@article{
}

@article{raju2015regulation,
  title={Regulation of brain glutamate metabolism by nitric oxide and S-nitrosylation},
  author={Raju, Karthik and Doulias, Paschalis-Thomas and Evans, Perry and Krizman, Elizabeth N and Jackson, Joshua G and Horyn, Oksana and Daikhin, Yevgeny and Nissim, Ilana and Yudkoff, Marc and Nissim, Itzhak and others},
  journal={Sci. Signal.},
  volume={8},
  number={384},
  pages={ra68--ra68},
  year={2015},
  publisher={American Association for the Advancement of Science}
}

@article{choi2014identification,
  title={Identification of PLX4032-resistance mechanisms and implications for novel RAF inhibitors},
  author={Choi, Jaehyuk and Landrette, Sean F and Wang, Tiffany and Evans, Perry and Bacchiocchi, Antonella and Bjornson, Robert and Cheng, Elaine and Stiegler, Amy L and Gathiaka, Symon and Acevedo, Orlando and others},
  journal={Pigment cell \& melanoma research},
  volume={27},
  number={2},
  pages={253--262},
  year={2014},
  publisher={Wiley Online Library}
}

@article{evans2009predictioin,
         title={{Prediction of HIV-1 virus-host protein interactions using
                 virus and host sequence motifs}},
         author={Evans, P. and Dampier, W. and Ungar, L. and Tozeren, A.},
         journal={BMC Medical Genomics},
         volume={2},
         number={1},
         pages={27},
         year={2009},
         publisher={BioMed Central Ltd}
}

@article{dampier2009host,
  title={{Host sequence motifs shared by HIV predict response to 
          antiretroviral therapy}},
  author={Dampier, W. and Evans, P. and Ungar, L. and Tozeren, A.},
  journal={BMC Medical Genomics},
  volume={2},
  number={1},
  pages={47},
  year={2009},
  publisher={BioMed Central Ltd}
}

@conference{evans2008protein,
  title={{Protein-protein interaction network alignment by 
          quantitative simulation}},
  author={Evans, P. and Sandler, T. and Ungar, L.},
  booktitle={Proceedings of the 2008 IEEE International 
             Conference on Bioinformatics and Biomedicine},
  pages={325--328},
  year={2008},
  organization={IEEE Computer Society}
}

@article{evans2006conservation,
  title={{Conservation patterns in cis-elements reveal compensatory mutations}},
  author={Evans, P. and Donahue, G. and Hannenhalli, S.},
  journal={Lecture Notes in Computer Science},
  volume={4205},
  pages={186--199},
  year={2006},
  publisher={Springer}
}



